<record><leader>00000cas a22000007a 4500</leader><controlfield tag="001">56479412</controlfield><controlfield tag="006">m     o  d        </controlfield><controlfield tag="007">cr cnu||||||||</controlfield><controlfield tag="008">040910c20049999miubr nso     0   a0eng c</controlfield><datafield ind1=" " ind2=" " tag="010"><subfield code="a">  2004215676</subfield></datafield><datafield ind1=" " ind2=" " tag="040"><subfield code="a">NSD</subfield><subfield code="b">eng</subfield><subfield code="c">NSD</subfield><subfield code="d">OCLCQ</subfield></datafield><datafield ind1=" " ind2=" " tag="012"><subfield code="l">1</subfield></datafield><datafield ind1="1" ind2=" " tag="022"><subfield code="a">1552-4639</subfield><subfield code="l">1552-4337</subfield><subfield code="2">1</subfield></datafield><datafield ind1=" " ind2=" " tag="037"><subfield code="b">Churchchill-List Communications, Inc., 820 S. Macomber St., Greenville, MI 48838</subfield><subfield code="c">$12.00</subfield></datafield><datafield ind1=" " ind2=" " tag="042"><subfield code="a">nsdp</subfield><subfield code="a">pcc</subfield></datafield><datafield ind1="1" ind2="0" tag="050"><subfield code="a">ISSN RECORD</subfield></datafield><datafield ind1="0" ind2=" " tag="130"><subfield code="a">Ionia-Montcalm magazine (Online)</subfield></datafield><datafield ind1=" " ind2="0" tag="222"><subfield code="a">Ionia-Montcalm magazine</subfield><subfield code="b">(Online)</subfield></datafield><datafield ind1="1" ind2="0" tag="245"><subfield code="a">Ionia-Montcalm magazine.</subfield></datafield><datafield ind1=" " ind2=" " tag="260"><subfield code="a">Greenville, MI :</subfield><subfield code="b">Churchill-List Communications, Inc.,</subfield><subfield code="c">&#169;2004-</subfield></datafield><datafield ind1=" " ind2=" " tag="310"><subfield code="a">Bimonthly</subfield></datafield><datafield ind1=" " ind2=" " tag="336"><subfield code="a">text</subfield><subfield code="b">txt</subfield><subfield code="2">rdacontent</subfield></datafield><datafield ind1=" " ind2=" " tag="337"><subfield code="a">computer</subfield><subfield code="b">c</subfield><subfield code="2">rdamedia</subfield></datafield><datafield ind1=" " ind2=" " tag="338"><subfield code="a">online resource</subfield><subfield code="b">cr</subfield><subfield code="2">rdacarrier</subfield></datafield><datafield ind1="0" ind2=" " tag="362"><subfield code="a">Vol. 1, no. 1 (May/June 2004)-</subfield></datafield><datafield ind1=" " ind2=" " tag="500"><subfield code="a">Title from title screen (publisher's Web site, viewed Sept. 10, 2004).</subfield></datafield><datafield ind1=" " ind2=" " tag="530"><subfield code="a">Also issued in print.</subfield></datafield><datafield ind1=" " ind2=" " tag="538"><subfield code="a">Mode of access: World Wide Web and Acrobat Reader.</subfield></datafield><datafield ind1=" " ind2=" " tag="588"><subfield code="a">Latest issue consulted: Vol. 1, no. 2 (July/Aug. 2004) (viewed Sept. 10, 2004).</subfield></datafield><datafield ind1=" " ind2=" " tag="752"><subfield code="a">United States</subfield><subfield code="b">Michigan</subfield><subfield code="c">Ionia.</subfield></datafield><datafield ind1=" " ind2=" " tag="752"><subfield code="a">United States</subfield><subfield code="b">Michigan</subfield><subfield code="c">Montcalm.</subfield></datafield><datafield ind1="1" ind2=" " tag="776"><subfield code="t">Ionia-Montcalm magazine</subfield><subfield code="x">1552-4337</subfield><subfield code="w">(DLC)  2004215670</subfield><subfield code="w">(OCoLC)56479381</subfield></datafield><datafield ind1="4" ind2="0" tag="856"><subfield code="u">http://www.ioniamontcalm.com/</subfield></datafield><datafield ind1="1" ind2=" " tag="029"><subfield code="a">AU@</subfield><subfield code="b">000026213564</subfield></datafield></record>